<?xml version="1.0" encoding="UTF-8"?><collection xmlns="http://www.loc.gov/MARC21/slim"><record><leader>00410nam--2200157-i-4500</leader><controlfield tag="001">000019299</controlfield><controlfield tag="002">20161230</controlfield><controlfield tag="005">20170105164754</controlfield><controlfield tag="008">060222s1000------------r-----000-0-eng-d</controlfield><datafield ind1=" " ind2=" " tag="245"><subfield code="a">Electrical engineers`handbook. Electric power</subfield></datafield><datafield ind1=" " ind2=" " tag="250"><subfield code="a">4-th edition</subfield></datafield><datafield ind1=" " ind2=" " tag="260"><subfield code="a">New York</subfield><subfield code="b">John Wiley &amp; Sons, Inc</subfield><subfield code="c">1959</subfield></datafield><datafield ind1=" " ind2=" " tag="300"><subfield code="a">/P.Dif.</subfield></datafield><datafield ind1=" " ind2=" " tag="700"><subfield code="a">Pender, Harold</subfield></datafield><datafield ind1=" " ind2=" " tag="852"><subfield code="a">35871</subfield></datafield><datafield ind1=" " ind2=" " tag="CAT"><subfield code="a">SYS</subfield><subfield code="c">20170105</subfield><subfield code="h">164754</subfield></datafield></record></collection>